@article{vicsek1995novel,
  title={Novel type of phase transition in a system of self-driven particles},
  author={Vicsek, Tam{\'a}s and Czir{\'o}k, Andr{\'a}s and Ben-Jacob, Eshel and Cohen, Inon and Shochet, Ofer},
  journal={Physical review letters},
  volume={75},
  number={6},
  pages={1226},
  year={1995},
  publisher={APS}
}

@article{cellIndex,
  title={Early stages of silicon nitride film growth studied by molecular dynamics simulations},
  author={Guo, Xiang-Yun and Brault, Pascal},
  journal={Surface science},
  volume={488},
  number={1-2},
  pages={133--140},
  year={2001},
  publisher={Elsevier}
}